%YAML 1.1
%TAG !u! tag:unity3d.com,2011:
--- !u!1 &116060
GameObject:
  m_ObjectHideFlags: 0
  m_PrefabParentObject: {fileID: 0}
  m_PrefabInternal: {fileID: 100100000}
  serializedVersion: 4
  m_Component:
  - 4: {fileID: 483432}
  - 54: {fileID: 5402568}
  - 65: {fileID: 6541808}
  - 114: {fileID: 11487468}
  m_Layer: 8
  m_Name: LongBeam
  m_TagString: Untagged
  m_Icon: {fileID: 0}
  m_NavMeshLayer: 0
  m_StaticEditorFlags: 0
  m_IsActive: 1
--- !u!1 &118212
GameObject:
  m_ObjectHideFlags: 0
  m_PrefabParentObject: {fileID: 0}
  m_PrefabInternal: {fileID: 100100000}
  serializedVersion: 4
  m_Component:
  - 4: {fileID: 440416}
  - 82: {fileID: 8299240}
  m_Layer: 8
  m_Name: CollisionSound2
  m_TagString: Untagged
  m_Icon: {fileID: 0}
  m_NavMeshLayer: 0
  m_StaticEditorFlags: 0
  m_IsActive: 1
--- !u!1 &124044
GameObject:
  m_ObjectHideFlags: 0
  m_PrefabParentObject: {fileID: 0}
  m_PrefabInternal: {fileID: 100100000}
  serializedVersion: 4
  m_Component:
  - 4: {fileID: 476424}
  - 82: {fileID: 8223914}
  m_Layer: 8
  m_Name: CollisionSound1
  m_TagString: Untagged
  m_Icon: {fileID: 0}
  m_NavMeshLayer: 0
  m_StaticEditorFlags: 0
  m_IsActive: 1
--- !u!1 &143230
GameObject:
  m_ObjectHideFlags: 0
  m_PrefabParentObject: {fileID: 0}
  m_PrefabInternal: {fileID: 100100000}
  serializedVersion: 4
  m_Component:
  - 4: {fileID: 427864}
  - 82: {fileID: 8200728}
  m_Layer: 8
  m_Name: CollisionSound4
  m_TagString: Untagged
  m_Icon: {fileID: 0}
  m_NavMeshLayer: 0
  m_StaticEditorFlags: 0
  m_IsActive: 1
--- !u!1 &149440
GameObject:
  m_ObjectHideFlags: 0
  m_PrefabParentObject: {fileID: 0}
  m_PrefabInternal: {fileID: 100100000}
  serializedVersion: 4
  m_Component:
  - 4: {fileID: 416666}
  - 65: {fileID: 6577328}
  m_Layer: 9
  m_Name: Trigger
  m_TagString: Untagged
  m_Icon: {fileID: 0}
  m_NavMeshLayer: 0
  m_StaticEditorFlags: 0
  m_IsActive: 1
--- !u!1 &156650
GameObject:
  m_ObjectHideFlags: 0
  m_PrefabParentObject: {fileID: 0}
  m_PrefabInternal: {fileID: 100100000}
  serializedVersion: 4
  m_Component:
  - 4: {fileID: 476472}
  - 33: {fileID: 3348978}
  - 23: {fileID: 2392354}
  m_Layer: 0
  m_Name: polySurface23_Rkill13:RoadKillOut
  m_TagString: Untagged
  m_Icon: {fileID: 0}
  m_NavMeshLayer: 0
  m_StaticEditorFlags: 0
  m_IsActive: 1
--- !u!1 &159098
GameObject:
  m_ObjectHideFlags: 0
  m_PrefabParentObject: {fileID: 0}
  m_PrefabInternal: {fileID: 100100000}
  serializedVersion: 4
  m_Component:
  - 4: {fileID: 460376}
  - 82: {fileID: 8240184}
  m_Layer: 8
  m_Name: CollisionSound3
  m_TagString: Untagged
  m_Icon: {fileID: 0}
  m_NavMeshLayer: 0
  m_StaticEditorFlags: 0
  m_IsActive: 1
--- !u!4 &416666
Transform:
  m_ObjectHideFlags: 1
  m_PrefabParentObject: {fileID: 0}
  m_PrefabInternal: {fileID: 100100000}
  m_GameObject: {fileID: 149440}
  m_LocalRotation: {x: 0, y: 0, z: 0, w: 1}
  m_LocalPosition: {x: 0, y: 0, z: 0}
  m_LocalScale: {x: 1, y: 1, z: 1}
  m_Children: []
  m_Father: {fileID: 483432}
  m_RootOrder: 1
--- !u!4 &427864
Transform:
  m_ObjectHideFlags: 1
  m_PrefabParentObject: {fileID: 0}
  m_PrefabInternal: {fileID: 100100000}
  m_GameObject: {fileID: 143230}
  m_LocalRotation: {x: 0, y: 0, z: -.453752637, w: .891127646}
  m_LocalPosition: {x: 0, y: 0, z: 0}
  m_LocalScale: {x: 3, y: 3, z: 1}
  m_Children: []
  m_Father: {fileID: 483432}
  m_RootOrder: 5
--- !u!4 &440416
Transform:
  m_ObjectHideFlags: 1
  m_PrefabParentObject: {fileID: 0}
  m_PrefabInternal: {fileID: 100100000}
  m_GameObject: {fileID: 118212}
  m_LocalRotation: {x: 0, y: 0, z: -.453752637, w: .891127646}
  m_LocalPosition: {x: 0, y: 0, z: 0}
  m_LocalScale: {x: 3, y: 3, z: 1}
  m_Children: []
  m_Father: {fileID: 483432}
  m_RootOrder: 3
--- !u!4 &460376
Transform:
  m_ObjectHideFlags: 1
  m_PrefabParentObject: {fileID: 0}
  m_PrefabInternal: {fileID: 100100000}
  m_GameObject: {fileID: 159098}
  m_LocalRotation: {x: 0, y: 0, z: -.453752637, w: .891127646}
  m_LocalPosition: {x: 0, y: 0, z: 0}
  m_LocalScale: {x: 3, y: 3, z: 1}
  m_Children: []
  m_Father: {fileID: 483432}
  m_RootOrder: 4
--- !u!4 &476424
Transform:
  m_ObjectHideFlags: 1
  m_PrefabParentObject: {fileID: 0}
  m_PrefabInternal: {fileID: 100100000}
  m_GameObject: {fileID: 124044}
  m_LocalRotation: {x: 0, y: 0, z: -.453752637, w: .891127646}
  m_LocalPosition: {x: 0, y: 0, z: 0}
  m_LocalScale: {x: 3, y: 3, z: 1}
  m_Children: []
  m_Father: {fileID: 483432}
  m_RootOrder: 2
--- !u!4 &476472
Transform:
  m_ObjectHideFlags: 1
  m_PrefabParentObject: {fileID: 0}
  m_PrefabInternal: {fileID: 100100000}
  m_GameObject: {fileID: 156650}
  m_LocalRotation: {x: 0, y: 0, z: 0, w: 1}
  m_LocalPosition: {x: 0, y: 0, z: 0}
  m_LocalScale: {x: 1, y: 1, z: 1}
  m_Children: []
  m_Father: {fileID: 483432}
  m_RootOrder: 0
--- !u!4 &483432
Transform:
  m_ObjectHideFlags: 1
  m_PrefabParentObject: {fileID: 0}
  m_PrefabInternal: {fileID: 100100000}
  m_GameObject: {fileID: 116060}
  m_LocalRotation: {x: 0, y: 0, z: .707106829, w: .707106709}
  m_LocalPosition: {x: 13.6000004, y: -2.0999999, z: -1}
  m_LocalScale: {x: 1, y: 1, z: 3}
  m_Children:
  - {fileID: 476472}
  - {fileID: 416666}
  - {fileID: 476424}
  - {fileID: 440416}
  - {fileID: 460376}
  - {fileID: 427864}
  m_Father: {fileID: 0}
  m_RootOrder: 0
--- !u!23 &2392354
MeshRenderer:
  m_ObjectHideFlags: 1
  m_PrefabParentObject: {fileID: 0}
  m_PrefabInternal: {fileID: 100100000}
  m_GameObject: {fileID: 156650}
  m_Enabled: 1
  m_CastShadows: 1
  m_ReceiveShadows: 1
  m_Materials:
  - {fileID: 2100000, guid: c8916cb8b6f4c874fb241fe21da9ddff, type: 2}
  m_SubsetIndices: 
  m_StaticBatchRoot: {fileID: 0}
  m_UseLightProbes: 1
  m_ReflectionProbeUsage: 1
  m_ProbeAnchor: {fileID: 0}
  m_ScaleInLightmap: 1
  m_PreserveUVs: 0
  m_ImportantGI: 0
  m_AutoUVMaxDistance: .5
  m_AutoUVMaxAngle: 89
  m_LightmapParameters: {fileID: 0}
  m_SortingLayerID: 0
  m_SortingOrder: 0
--- !u!33 &3348978
MeshFilter:
  m_ObjectHideFlags: 1
  m_PrefabParentObject: {fileID: 0}
  m_PrefabInternal: {fileID: 100100000}
  m_GameObject: {fileID: 156650}
  m_Mesh: {fileID: 4300000, guid: 1a50f1de46b640e4fb09d84974459511, type: 3}
--- !u!54 &5402568
Rigidbody:
  m_ObjectHideFlags: 1
  m_PrefabParentObject: {fileID: 0}
  m_PrefabInternal: {fileID: 100100000}
  m_GameObject: {fileID: 116060}
  serializedVersion: 2
  m_Mass: 1
  m_Drag: 0
  m_AngularDrag: .0500000007
  m_UseGravity: 1
  m_IsKinematic: 0
  m_Interpolate: 0
  m_Constraints: 48
  m_CollisionDetection: 0
--- !u!65 &6541808
BoxCollider:
  m_ObjectHideFlags: 1
  m_PrefabParentObject: {fileID: 0}
  m_PrefabInternal: {fileID: 100100000}
  m_GameObject: {fileID: 116060}
  m_Material: {fileID: 13400000, guid: f57ccb8505ad5e84c91fdf2e19b92877, type: 2}
  m_IsTrigger: 0
  m_Enabled: 1
  serializedVersion: 2
  m_Size: {x: .550000012, y: 8.75, z: .550000012}
  m_Center: {x: 0, y: 0, z: 0}
--- !u!65 &6577328
BoxCollider:
  m_ObjectHideFlags: 1
  m_PrefabParentObject: {fileID: 0}
  m_PrefabInternal: {fileID: 100100000}
  m_GameObject: {fileID: 149440}
  m_Material: {fileID: 0}
  m_IsTrigger: 1
  m_Enabled: 1
  serializedVersion: 2
  m_Size: {x: 3, y: 11, z: 2}
  m_Center: {x: 0, y: 0, z: 0}
--- !u!82 &8200728
AudioSource:
  m_ObjectHideFlags: 1
  m_PrefabParentObject: {fileID: 0}
  m_PrefabInternal: {fileID: 100100000}
  m_GameObject: {fileID: 143230}
  m_Enabled: 1
  serializedVersion: 4
  OutputAudioMixerGroup: {fileID: 0}
  m_audioClip: {fileID: 8300000, guid: aa9378a71081f2c469bad3ed8507d687, type: 3}
  m_PlayOnAwake: 0
  m_Volume: 1
  m_Pitch: 1
  Loop: 0
  Mute: 0
  Priority: 128
  DopplerLevel: 1
  MinDistance: 1
  MaxDistance: 50
  Pan2D: 0
  rolloffMode: 1
  BypassEffects: 0
  BypassListenerEffects: 0
  BypassReverbZones: 0
  rolloffCustomCurve:
    serializedVersion: 2
    m_Curve:
    - time: 0
      value: 1
      inSlope: 0
      outSlope: 0
      tangentMode: 0
    - time: 1
      value: 0
      inSlope: 0
      outSlope: 0
      tangentMode: 0
    m_PreInfinity: 2
    m_PostInfinity: 2
  panLevelCustomCurve:
    serializedVersion: 2
    m_Curve:
    - time: 0
      value: 1
      inSlope: 0
      outSlope: 0
      tangentMode: 0
    m_PreInfinity: 2
    m_PostInfinity: 2
  spreadCustomCurve:
    serializedVersion: 2
    m_Curve:
    - time: 0
      value: 0
      inSlope: 0
      outSlope: 0
      tangentMode: 0
    m_PreInfinity: 2
    m_PostInfinity: 2
  reverbZoneMixCustomCurve:
    serializedVersion: 2
    m_Curve:
    - time: 0
      value: 1
      inSlope: 0
      outSlope: 0
      tangentMode: 0
    m_PreInfinity: 2
    m_PostInfinity: 2
--- !u!82 &8223914
AudioSource:
  m_ObjectHideFlags: 1
  m_PrefabParentObject: {fileID: 0}
  m_PrefabInternal: {fileID: 100100000}
  m_GameObject: {fileID: 124044}
  m_Enabled: 1
  serializedVersion: 4
  OutputAudioMixerGroup: {fileID: 0}
  m_audioClip: {fileID: 8300000, guid: aa9378a71081f2c469bad3ed8507d687, type: 3}
  m_PlayOnAwake: 0
  m_Volume: 1
  m_Pitch: 1
  Loop: 0
  Mute: 0
  Priority: 128
  DopplerLevel: 1
  MinDistance: 1
  MaxDistance: 50
  Pan2D: 0
  rolloffMode: 1
  BypassEffects: 0
  BypassListenerEffects: 0
  BypassReverbZones: 0
  rolloffCustomCurve:
    serializedVersion: 2
    m_Curve:
    - time: 0
      value: 1
      inSlope: 0
      outSlope: 0
      tangentMode: 0
    - time: 1
      value: 0
      inSlope: 0
      outSlope: 0
      tangentMode: 0
    m_PreInfinity: 2
    m_PostInfinity: 2
  panLevelCustomCurve:
    serializedVersion: 2
    m_Curve:
    - time: 0
      value: 1
      inSlope: 0
      outSlope: 0
      tangentMode: 0
    m_PreInfinity: 2
    m_PostInfinity: 2
  spreadCustomCurve:
    serializedVersion: 2
    m_Curve:
    - time: 0
      value: 0
      inSlope: 0
      outSlope: 0
      tangentMode: 0
    m_PreInfinity: 2
    m_PostInfinity: 2
  reverbZoneMixCustomCurve:
    serializedVersion: 2
    m_Curve:
    - time: 0
      value: 1
      inSlope: 0
      outSlope: 0
      tangentMode: 0
    m_PreInfinity: 2
    m_PostInfinity: 2
--- !u!82 &8240184
AudioSource:
  m_ObjectHideFlags: 1
  m_PrefabParentObject: {fileID: 0}
  m_PrefabInternal: {fileID: 100100000}
  m_GameObject: {fileID: 159098}
  m_Enabled: 1
  serializedVersion: 4
  OutputAudioMixerGroup: {fileID: 0}
  m_audioClip: {fileID: 8300000, guid: aa9378a71081f2c469bad3ed8507d687, type: 3}
  m_PlayOnAwake: 0
  m_Volume: 1
  m_Pitch: 1
  Loop: 0
  Mute: 0
  Priority: 128
  DopplerLevel: 1
  MinDistance: 1
  MaxDistance: 50
  Pan2D: 0
  rolloffMode: 1
  BypassEffects: 0
  BypassListenerEffects: 0
  BypassReverbZones: 0
  rolloffCustomCurve:
    serializedVersion: 2
    m_Curve:
    - time: 0
      value: 1
      inSlope: 0
      outSlope: 0
      tangentMode: 0
    - time: 1
      value: 0
      inSlope: 0
      outSlope: 0
      tangentMode: 0
    m_PreInfinity: 2
    m_PostInfinity: 2
  panLevelCustomCurve:
    serializedVersion: 2
    m_Curve:
    - time: 0
      value: 1
      inSlope: 0
      outSlope: 0
      tangentMode: 0
    m_PreInfinity: 2
    m_PostInfinity: 2
  spreadCustomCurve:
    serializedVersion: 2
    m_Curve:
    - time: 0
      value: 0
      inSlope: 0
      outSlope: 0
      tangentMode: 0
    m_PreInfinity: 2
    m_PostInfinity: 2
  reverbZoneMixCustomCurve:
    serializedVersion: 2
    m_Curve:
    - time: 0
      value: 1
      inSlope: 0
      outSlope: 0
      tangentMode: 0
    m_PreInfinity: 2
    m_PostInfinity: 2
--- !u!82 &8299240
AudioSource:
  m_ObjectHideFlags: 1
  m_PrefabParentObject: {fileID: 0}
  m_PrefabInternal: {fileID: 100100000}
  m_GameObject: {fileID: 118212}
  m_Enabled: 1
  serializedVersion: 4
  OutputAudioMixerGroup: {fileID: 0}
  m_audioClip: {fileID: 8300000, guid: aa9378a71081f2c469bad3ed8507d687, type: 3}
  m_PlayOnAwake: 0
  m_Volume: 1
  m_Pitch: 1
  Loop: 0
  Mute: 0
  Priority: 128
  DopplerLevel: 1
  MinDistance: 1
  MaxDistance: 50
  Pan2D: 0
  rolloffMode: 1
  BypassEffects: 0
  BypassListenerEffects: 0
  BypassReverbZones: 0
  rolloffCustomCurve:
    serializedVersion: 2
    m_Curve:
    - time: 0
      value: 1
      inSlope: 0
      outSlope: 0
      tangentMode: 0
    - time: 1
      value: 0
      inSlope: 0
      outSlope: 0
      tangentMode: 0
    m_PreInfinity: 2
    m_PostInfinity: 2
  panLevelCustomCurve:
    serializedVersion: 2
    m_Curve:
    - time: 0
      value: 1
      inSlope: 0
      outSlope: 0
      tangentMode: 0
    m_PreInfinity: 2
    m_PostInfinity: 2
  spreadCustomCurve:
    serializedVersion: 2
    m_Curve:
    - time: 0
      value: 0
      inSlope: 0
      outSlope: 0
      tangentMode: 0
    m_PreInfinity: 2
    m_PostInfinity: 2
  reverbZoneMixCustomCurve:
    serializedVersion: 2
    m_Curve:
    - time: 0
      value: 1
      inSlope: 0
      outSlope: 0
      tangentMode: 0
    m_PreInfinity: 2
    m_PostInfinity: 2
--- !u!114 &11487468
MonoBehaviour:
  m_ObjectHideFlags: 1
  m_PrefabParentObject: {fileID: 0}
  m_PrefabInternal: {fileID: 100100000}
  m_GameObject: {fileID: 116060}
  m_Enabled: 1
  m_EditorHideFlags: 0
  m_Script: {fileID: 11500000, guid: f9769afec0b4f79458f99dafbede4f26, type: 3}
  m_Name: 
  m_EditorClassIdentifier: 
  audioClips:
  - {fileID: 8223914}
  - {fileID: 8299240}
  - {fileID: 8240184}
  - {fileID: 8200728}
--- !u!1001 &100100000
Prefab:
  m_ObjectHideFlags: 1
  serializedVersion: 2
  m_Modification:
    m_TransformParent: {fileID: 0}
    m_Modifications:
    - target: {fileID: 0}
      propertyPath: m_Materials.Array.data[0]
      value: 
      objectReference: {fileID: 2100000, guid: c8916cb8b6f4c874fb241fe21da9ddff, type: 2}
    - target: {fileID: 0}
      propertyPath: m_Constraints
      value: 48
      objectReference: {fileID: 0}
    - target: {fileID: 0}
      propertyPath: m_Name
      value: Trigger
      objectReference: {fileID: 0}
    - target: {fileID: 0}
      propertyPath: m_IsTrigger
      value: 1
      objectReference: {fileID: 0}
    - target: {fileID: 0}
      propertyPath: m_Drag
      value: 0
      objectReference: {fileID: 0}
    - target: {fileID: 0}
      propertyPath: m_audioClip
      value: 
      objectReference: {fileID: 8300000, guid: aa9378a71081f2c469bad3ed8507d687, type: 3}
    - target: {fileID: 0}
      propertyPath: m_PlayOnAwake
      value: 0
      objectReference: {fileID: 0}
    - target: {fileID: 0}
      propertyPath: panLevelCustomCurve.m_Curve.Array.data[0].value
      value: 1
      objectReference: {fileID: 0}
    - target: {fileID: 0}
      propertyPath: rolloffMode
      value: 1
      objectReference: {fileID: 0}
    - target: {fileID: 0}
      propertyPath: MaxDistance
      value: 50
      objectReference: {fileID: 0}
    - target: {fileID: 0}
      propertyPath: m_Material
      value: 
      objectReference: {fileID: 13400000, guid: f57ccb8505ad5e84c91fdf2e19b92877,
        type: 2}
    m_RemovedComponents: []
  m_ParentPrefab: {fileID: 0}
  m_RootGameObject: {fileID: 116060}
  m_IsPrefabParent: 1
